@book{Needham1993,
  author = {Joseph Needham},
  title = {The Grand Titration: Science and Society in East and West},
  year = {1993},
  publisher = {Routledge},
  url = {https://www.taylorfrancis.com/books/mono/10.4324/9781315018867/grand-titration-joseph-needham}
}

@article{Lam1986,
  author = {Lay Yong Lam},
  title = {The Development of Polynomial Equations in Traditional China},
  journal = {Meeting of the Singapore Mathematical Society},
  year = {1986},
  url = {http://sms.math.nus.edu.sg/smsmedley/Vol-14-1/The%20development%20of%20polynomial%20equations%20in%20traditional%20China(Lam%20Lay%20Yong).pdf}
}

@article{Pengelley2009,
  author = {D. Pengelley},
  title = {Pascal's Treatise on the Arithmetical Triangle},
  journal = {Discrete Mathematics: Classroom Projects, History},
  year = {2009},
  url = {https://sidoli.w.waseda.jp/Pengelley_Pascal_Arithmetical_Triangle.pdf}
}

@article{LayYong1980,
  author = {Lay-Yong, L.},
  title = {The Chinese Connection Between the Pascal Triangle and the Solution of Numerical Equations of Any Degree},
  journal = {Historia Mathematica},
  year = {1980},
  url = {https://www.sciencedirect.com/science/article/pii/0315086080900051/pdf?md5=9315fb5eb288ed3b1907e56d99cced7c&pid=1-s2.0-0315086080900051-main.pdf}
}

@article{Hinz1992,
  author = {A. M. Hinz},
  title = {Pascal's Triangle and the Tower of Hanoi},
  journal = {The American Mathematical Monthly},
  year = {1992},
  url = {https://mth487.wordpress.com/wp-content/uploads/2015/10/pascals-triangle-and-the-tower-of-hanoi.pdf}
}

@article{Boyer1950,
  author = {C. B. Boyer},
  title = {Cardan and the Pascal Triangle},
  journal = {The American Mathematical Monthly},
  year = {1950},
  publisher = {Taylor \& Francis},
  url = {https://www.tandfonline.com/doi/pdf/10.1080/00029890.1950.11999554}
}

article{lam1994,
  title={The Oldest Extant Diagram of the Pascal Triangle},
  author={Lam, Lay Yong},
  journal={Historia Mathematica},
  volume={21},
  pages={34--46},
  year={1994},
  doi={10.1006/hmat.1994.1013}
}

@book{needham1959,
  title={Science and Civilisation in China: Volume 3},
  author={Needham, Joseph},
  publisher={Cambridge University Press},
  year={1959}
}

@article{chen2003,
  title={Mathematical Education in the Song Dynasty},
  author={Chen, Dawei},
  journal={Chinese Science},
  volume={15},
  pages={1--20},
  year={2003},
  doi={10.1177/0097700403255503}
}

@book{martzloff1997,
  title={A History of Chinese Mathematics},
  author={Martzloff, Jean-Claude},
  publisher={Springer},
  year={1997},
  note={Chapter 6 discusses combinatorics and the arithmetic triangle.}
}

@book{eisenstein1979,
  title={The Printing Press as an Agent of Change},
  author={Eisenstein, Elizabeth L.},
  publisher={Cambridge University Press},
  year={1979},
  note={Chapter 4 discusses the dissemination of mathematical knowledge.}
}

@book{stedall2012,
  title={The History of Combinatorics},
  author={Stedall, Jacqueline},
  publisher={Oxford University Press},
  year={2012},
  note={Chapter 3 covers Tartagliaâ€™s contributions.}
}

@article{roy2011,
  title={The Binomial Theorem: A Widespread Concept in Medieval Islamic and Renaissance European Mathematics},
  author={Roy, Ranjan},
  journal={The College Mathematics Journal},
  volume={42},
  pages={24--31},
  year={2011},
  doi={10.4169/college.math.j.42.1.024}
}

@book{hacking1975,
  title={The Emergence of Probability},
  author={Hacking, Ian},
  publisher={Cambridge University Press},
  year={1975},
  note={Chapter 2 discusses Renaissance probability.}
}

@book{restivo1992,
  title={Mathematics in Society and History},
  author={Restivo, Sal},
  publisher={Springer},
  year={1992},
  note={Chapter 3 compares Chinese and European mathematics.}
}

@book{joseph2011,
  title={The Crest of the Peacock: Non-European Roots of Mathematics},
  author={Joseph, George Gheverghese},
  publisher={Princeton University Press},
  year={2011}
}

@article{chen2005,
  title={The Transmission of Chinese Mathematics to the West},
  author={Chen, Cheng-Yih},
  journal={History of Science},
  volume={43},
  pages={101--114},
  year={2005},
  doi={10.1177/007327530504300201}
}