
@book{graham1994,
  title={Concrete Mathematics: A Foundation for Computer Science},
  author={Graham, Ronald L. and Knuth, Donald E. and Patashnik, Oren},
  year={1994},
  publisher={Addison-Wesley},
  edition={2nd},
  isbn={978-0201558029}
}

@book{conway1996,
  title={The Book of Numbers},
  author={Conway, John H. and Guy, Richard K.},
  year={1996},
  publisher={Springer},
  isbn={978-0387979939}
}

@book{degroot2011,
  title={Probability and Statistics},
  author={DeGroot, Morris H. and Schervish, Mark J.},
  year={2011},
  publisher={Pearson},
  edition={4th},
  isbn={978-0321500465}
}

@book{lehman2017,
  title={Mathematics for Computer Science},
  author={Lehman, Eric and Leighton, F.T. and Meyer, Albert R.},
  year={2017},
  publisher={MIT OpenCourseWare},
  isbn={978-9888407064}
}

@book{davis1999,
  title={The Mathematical Experience},
  author={Davis, Philip J. and Hersh, Reuben},
  year={1999},
  publisher={Houghton Mifflin},
  isbn={978-0395929681}
}

@book{aleksandrov1999,
  title={Mathematics: Its Content, Methods, and Meaning},
  author={Aleksandrov, A.D. and Kolmogorov, A.N. and Lavrentâ€™ev, M.A.},
  year={1999},
  publisher={Dover Publications},
  edition={2nd},
  isbn={978-0486409160}
}

@book{gowers2008,
  title={The Princeton Companion to Mathematics},
  editor={Gowers, Timothy},
  year={2008},
  publisher={Princeton University Press},
  isbn={978-0691118802}
}

@book{rusczyk2006,
  title={The Art of Problem Solving, Volume 1: The Basics},
  author={Rusczyk, Richard},
  year={2006},
  publisher={AoPS Incorporated},
  isbn={978-0977304561}
}

@book{knuth1997,
  title={The Art of Computer Programming, Volume 1: Fundamental Algorithms},
  author={Knuth, Donald E.},
  year={1997},
  publisher={Addison-Wesley},
  edition={3rd},
  isbn={978-0201896831}
}

@book{aigner2018,
  title={Proofs from THE BOOK},
  author={Aigner, Martin and Ziegler, G{\"u}nter M.},
  year={2018},
  publisher={Springer},
  edition={6th},
  isbn={978-3662572641}
}