@article{lam1986,
  title={The Development of Polynomial Equations in Traditional China},
  author={Lam Lay Yong},
  journal={Singapore Mathematical Society},
  year={1986},
}

@book{needham1993,
  title={The Grand Titration: Science and Society in East and West},
  author={Needham, Joseph},
  publisher={Routledge},
  year={1993},
}

@article{boyer1950,
  title={Cardan and the Pascal Triangle},
  author={Boyer, C. B.},
  journal={The American Mathematical Monthly},
  year={1950},
}

@article{hinz1992,
  title={Pascal's Triangle and the Tower of Hanoi},
  author={Hinz, A. M.},
  journal={The American Mathematical Monthly},
  year={1992},
}

@book{tartaglia1556,
  title={General Trattato di Numeri et Misure},
  author={Tartaglia, Niccol√≤},
  year={1556},
  publisher={Vincenzo Ruffinelli}
}

@book{meeus1991,
  title={Astronomical Algorithms},
  author={Meeus, Jean},
  year={1991},
  publisher={Willmann-Bell}
}

@book{apianus1527,
  title={Practica auf Deutsch},
  author={Apianus, Petrus},
  year={1527}
}
@book{pascal1654,
  title={Correspondence on Probability},
  author={Pascal, Blaise and Fermat, Pierre},
  year={1654},
  publisher={Private Letters}
}

@book{hald1990,
  title={A History of Probability and Statistics and Their Applications Before 1750},
  author={Hald, Anders},
  year={1990},
  publisher={Wiley}
}